@misc{erspan_ietf,
  author = 	 {David Miller},
  title = 	 {[{GIT} net-next] {Open vSwitch}},
  howpublished = {\url{https://www.spinics.net/lists/netdev/msg291696.html}},
  month = 	 {August},
  year = 	 2014
}
@misc{mvp,
  author = 	 {David Miller},
  title = 	 {[{GIT} net-next] {Open vSwitch}},
  howpublished = {\url{https://www.spinics.net/lists/netdev/msg291696.html}},
  month = 	 {August},
  year = 	 2014
}
@misc{lwtunnel,
  author = 	 {Graf, T},
  title = 	 {{Lightweight flow based encapsulation. Linux kernel}},
  howpublished = {\url{https://lwn.net/Articles/651497/}},
  month = 	 {August},
  year = 	 2016
}
@misc{iproute2,
  author = 	 {Graf, T},
  title = 	 {{Lightweight flow based encapsulation. Linux kernel}},
  howpublished = {\url{https://lwn.net/Articles/651497/}},
  month = 	 {August},
  year = 	 2016
}
@misc{erspantype2,
  author = 	 {Tu, W},
  title = 	 {{ERSPAN version 2 (type III) support}},
  howpublished = {\url{https://lwn.net/Articles/741771/}},
  month = 	 {August},
  year = 	 2016
}
@misc{erspanmd,
  author = 	 {Tu, W},
  title = 	 {{gre: add collect\_md mode for ERSPAN tunnel}},
  howpublished = {{Linux kernel, commit}},
  month = 	 {August},
  year = 	 2016
}
@misc{ip6md,
  author = 	 {Tu, W},
  title = 	 {{ip6\_gre: add ip6\ gre and gretap collect\_md mode}},
  howpublished = {Linux kernel, commit 6712abc168eba},
  month = 	 {December},
  year = 	 2017
}
@misc{greseq,
  author = 	 {Tu, W},
  title = 	 {{gre: add sequence number for collect\ md mode.}},
  howpublished = {Linux kernel, commit 77a5196a804e},
  month = 	 {December},
  year = 	 2017
}
@misc{ip6erspanmd,
  author = 	 {Tu, W},
  title = 	 {{ip6\_gre: add ip6\ erspan collect\_md mode}},
  howpublished = {Linux kernel, commit ef7baf5e083c},
  month = 	 {December},
  year = 	 2017
}
@misc{ip6erspan,
  author = 	 {Tu, W},
  title = 	 {{ip6\_gre: add erspan v2 support}},
  howpublished = {Linux kernel, commit 94d7d8f29287},
  month = 	 {December},
  year = 	 2017
}
@misc{bso,
  author = 	 {Tu, W},
  title = 	 {{erspan: set bso bit based on mirrored packet's len}},
  howpublished = {Linux kernel, commit d48f1958ab7d},
  month = 	 {May},
  year = 	 2018
}

@inproceedings{mccanne1993bsd,
  title={The {BSD} packet filter: A new architecture for user-level packet capture},
  author={McCanne, Steven and Jacobson, Van},
  booktitle={Proceedings of the USENIX Winter 1993 Conference},
  year={1993},
  organization={USENIX Association}
}

@misc{corbet2014bpf,
  title = {{BPF}: the universal in-kernel virtual machine},
  author = {Corbet, Jonathan},
  type = {Blog},
  year = {2014},
  howpublished = {\url{http://lwn.net/Articles/599755/}},
}

@misc{corbet2014ebpf,
  title = {Extending extended {BPF}},
  author = {Corbet, Jonathan},
  type = {Blog},
  year = {2014},
  howpublished = {\url{http://lwn.net/Articles/603983/}}
}

@inproceedings{mogul-pf,
 author = {Mogul, J. and Rashid, R. and Accetta, M.},
 title = {The Packet Filter: An Efficient Mechanism for User-level Network Code},
 booktitle = {Proceedings of the Eleventh ACM Symposium on Operating Systems Principles},
 series = {SOSP '87},
 year = {1987},
 isbn = {0-89791-242-X},
 location = {Austin, Texas, USA},
 pages = {39--51},
 numpages = {13},
 url = {http://doi.acm.org/10.1145/41457.37505},
 doi = {10.1145/41457.37505},
 acmid = {37505},
 publisher = {ACM},
 address = {New York, NY, USA},
} 

@Misc{linus-tanenbaum,
  author = 	 {Linus Torvalds and Andrew Tanenbaum},
  title = 	 {Linux is obsolete},
  howpublished = {comp.os.minix},
  month = 	 {January},
  year = 	 1992}

@inproceedings{cbpf,
  title={The {BSD} Packet Filter: A New Architecture for User-level Packet Capture.},
  author={McCanne, Steven and Jacobson, Van},
  booktitle={USENIX Winter},
  volume={46},
  year={1993}
}

@misc{CVE-2016-2074,
  author = 	 {Ben Pfaff},
  title = 	 {{CVE-2016-2074}: {MPLS} buffer overflow vulnerabilities in {Open vSwitch}},
  howpublished = {\url{https://mail.openvswitch.org/pipermail/ovs-announce/2016-March/000222.html}},
  month = 	 {March},
  year = 	 2016
}

@inproceedings{jackson2016softflow,
  title={{SoftFlow}: A middlebox architecture for {Open vSwitch}},
  author={Jackson, Ethan J and Walls, Melvin and Panda, Aurojit and Pettit, Justin and Pfaff, Ben and Rajahalme, Jarno and Koponen, Teemu and Shenker, Scott},
  booktitle={2016 Usenix Annual Technical Conference (USENIX ATC 16)},
  pages={15--28},
  year={2016},
  organization={USENIX Association}
}

@Misc{dpdk,
  author =       {Intel and others},
  title = 	 {{DPDK}: Data Plane Development Kit},
  howpublished = {\url{http://dpdk.org/}}}

@Misc{rbpf,
  author = 	 {Quentin Monnet and others},
  title = 	 {{rbpf}: {Rust} (user-space) virtual machine for {eBPF}},
  howpublished = {\url{https://github.com/qmonnet/rbpf}}}

@Misc{bcc,
  author = 	 {Brenden Blanco and Brendan Gregg and Sasha
                  Goldshtein and others},
  title = 	 {{BPF} Compiler Collection ({BCC})},
  howpublished = {\url{https://github.com/iovisor/bcc}}}

@Misc{pan_nsx,
  title = 	 {{VMware NSX} with Next-Generation Security from {Palo Alto Networks}},
  howpublished = {\url{https://www.paloaltonetworks.com/resources/techbriefs/vmware-nsx-solution-brief}}}

@misc{stt_reject,
  author = 	 {David Miller},
  title = 	 {net: Add {STT} support.},
  howpublished = {\url{https://www.spinics.net/lists/netdev/msg314619.html}},
  month = 	 {January},
  year = 	 2015
}

@misc{emc_reject,
  author = 	 {David Miller},
  title = 	 {[{GIT} net-next] {Open vSwitch}},
  howpublished = {\url{https://www.spinics.net/lists/netdev/msg291696.html}},
  month = 	 {August},
  year = 	 2014
}

%https://www.spinics.net/lists/netdev/msg291696.html

@Misc{iovisor-use-cases,
  title = 	 {Use Cases: {IO Visor} Project},
  howpublished = {\url{https://www.iovisor.org/technology/use-cases}},
  month = 	 {May},
  year = 	 2017}
